% ********** Bibliography **********

% ****************************************
% Your bibliography should be stored here
% ****************************************

@BOOK {
    GolubVanLoan96,
    author="Golub, Gene H. and Van Loan, Charles F.",
    title="Matrix Computations",
    publisher="Johns Hopkins",
    year="1996",
    edition="third"    
}
% ********** End of bibliography **********
